<record><leader>00000cas a22000007a 4500</leader><controlfield tag="001">19121529</controlfield><controlfield tag="008">890209d19181918nduwr ne      0    0eng d</controlfield><datafield ind1=" " ind2=" " tag="010"><subfield code="a">sn 89074010 </subfield></datafield><datafield ind1=" " ind2=" " tag="040"><subfield code="a">NOP</subfield><subfield code="b">eng</subfield><subfield code="c">NOP</subfield><subfield code="d">OCLCQ</subfield></datafield><datafield ind1=" " ind2=" " tag="042"><subfield code="a">msc</subfield></datafield><datafield ind1="0" ind2="4" tag="245"><subfield code="a">The messenger and Dakota state journal.</subfield></datafield><datafield ind1=" " ind2=" " tag="260"><subfield code="a">Minot, Ward County, L.D. McGahan</subfield></datafield><datafield ind1=" " ind2=" " tag="300"><subfield code="a">1 v. :</subfield><subfield code="b">ill. ;</subfield><subfield code="c">53 cm.</subfield></datafield><datafield ind1=" " ind2=" " tag="310"><subfield code="a">Weekly</subfield></datafield><datafield ind1="0" ind2=" " tag="362"><subfield code="a">Vol. 1, no. 1 (July 11, 1918)-v. 1, no. 5 (Aug. 8, 1918).</subfield></datafield><datafield ind1=" " ind2=" " tag="500"><subfield code="a">Official city and county paper.</subfield></datafield><datafield ind1=" " ind2=" " tag="515"><subfield code="a">Also bears numbering of The Messenger, vol. 5, no. 30-v.5, no. 34, July 11-Aug. 8, 1918.</subfield></datafield><datafield ind1=" " ind2=" " tag="530"><subfield code="a">Available on microfilm from the State Historical Society of north Dakota.</subfield></datafield><datafield ind1=" " ind2=" " tag="752"><subfield code="a">United States</subfield><subfield code="b">North Dakota</subfield><subfield code="c">Ward</subfield><subfield code="d">Minot.</subfield></datafield><datafield ind1="0" ind2="0" tag="780"><subfield code="t">Messenger (Minot, N.D.)</subfield><subfield code="w">(DLC)sn 89074009</subfield></datafield><datafield ind1="0" ind2="0" tag="785"><subfield code="t">Dakota state journal and the messenger</subfield><subfield code="w">(DLC)sn 89074001</subfield></datafield></record>